@ARTICLE{2023arXiv230600181G,
       author = {{Guth}, Florentin and {Lempereur}, Etienne and {Bruna}, Joan and {Mallat}, St{\'e}phane},
        title = "{Conditionally Strongly Log-Concave Generative Models}",
      journal = {arXiv e-prints},
     keywords = {Statistics - Machine Learning, Computer Science - Computer Vision and Pattern Recognition, Computer Science - Machine Learning, Electrical Engineering and Systems Science - Signal Processing},
         year = 2023,
        month = may,
          eid = {arXiv:2306.00181},
        pages = {arXiv:2306.00181},
          doi = {10.48550/arXiv.2306.00181},
archivePrefix = {arXiv},
       eprint = {2306.00181},
 primaryClass = {stat.ML},
       adsurl = {https://ui.adsabs.harvard.edu/abs/2023arXiv230600181G},
      adsnote = {Provided by the SAO/NASA Astrophysics Data System}
}

@ARTICLE{2019ComAC...6....1M,
       author = {{Mustafa}, Mustafa and {Bard}, Deborah and {Bhimji}, Wahid and {Luki{\'c}}, Zarija and {Al-Rfou}, Rami and {Kratochvil}, Jan M.},
        title = "{CosmoGAN: creating high-fidelity weak lensing convergence maps using Generative Adversarial Networks}",
      journal = {Computational Astrophysics and Cosmology},
     keywords = {Weak lensing convergence maps, Generative models, Generative Adversarial Networks, Deep learning, Machine learning, Astrophysics - Instrumentation and Methods for Astrophysics, Computer Science - Machine Learning},
         year = 2019,
        month = may,
       volume = {6},
       number = {1},
          eid = {1},
        pages = {1},
          doi = {10.1186/s40668-019-0029-9},
archivePrefix = {arXiv},
       eprint = {1706.02390},
 primaryClass = {astro-ph.IM},
       adsurl = {https://ui.adsabs.harvard.edu/abs/2019ComAC...6....1M},
      adsnote = {Provided by the SAO/NASA Astrophysics Data System}
}

@ARTICLE{2021arXiv211201288C,
       author = {{Cheng}, Sihao and {M{\'e}nard}, Brice},
        title = "{How to quantify fields or textures? A guide to the scattering transform}",
      journal = {arXiv e-prints},
     keywords = {Astrophysics - Instrumentation and Methods for Astrophysics, Astrophysics - Cosmology and Nongalactic Astrophysics, Astrophysics - Astrophysics of Galaxies, Computer Science - Machine Learning, Electrical Engineering and Systems Science - Signal Processing, Physics - Data Analysis, Statistics and Probability},
         year = 2021,
        month = nov,
          eid = {arXiv:2112.01288},
        pages = {arXiv:2112.01288},
          doi = {10.48550/arXiv.2112.01288},
archivePrefix = {arXiv},
       eprint = {2112.01288},
 primaryClass = {astro-ph.IM},
       adsurl = {https://ui.adsabs.harvard.edu/abs/2021arXiv211201288C},
      adsnote = {Provided by the SAO/NASA Astrophysics Data System}
}

@ARTICLE{2023arXiv230617210C,
       author = {{Cheng}, Sihao and {Morel}, Rudy and {Allys}, Erwan and {M{\'e}nard}, Brice and {Mallat}, St{\'e}phane},
        title = "{Scattering Spectra Models for Physics}",
      journal = {arXiv e-prints},
     keywords = {Physics - Data Analysis, Statistics and Probability, Astrophysics - Instrumentation and Methods for Astrophysics, Computer Science - Computer Vision and Pattern Recognition, Computer Science - Machine Learning},
         year = 2023,
        month = jun,
          eid = {arXiv:2306.17210},
        pages = {arXiv:2306.17210},
          doi = {10.48550/arXiv.2306.17210},
archivePrefix = {arXiv},
       eprint = {2306.17210},
 primaryClass = {physics.data-an},
       adsurl = {https://ui.adsabs.harvard.edu/abs/2023arXiv230617210C},
      adsnote = {Provided by the SAO/NASA Astrophysics Data System}
}

@ARTICLE{2023arXiv230507531L,
       author = {{Lanzieri}, Denise and {Lanusse}, Fran{\c{c}}ois and {Modi}, Chirag and {Horowitz}, Benjamin and {Harnois-D{\'e}raps}, Joachim and {Starck}, Jean-Luc and {The LSST Dark Energy Science Collaboration}},
        title = "{Forecasting the power of Higher Order Weak Lensing Statistics with automatically differentiable simulations}",
      journal = {arXiv e-prints},
     keywords = {Astrophysics - Instrumentation and Methods for Astrophysics, Astrophysics - Cosmology and Nongalactic Astrophysics},
         year = 2023,
        month = may,
          eid = {arXiv:2305.07531},
        pages = {arXiv:2305.07531},
          doi = {10.48550/arXiv.2305.07531},
archivePrefix = {arXiv},
       eprint = {2305.07531},
 primaryClass = {astro-ph.IM},
       adsurl = {https://ui.adsabs.harvard.edu/abs/2023arXiv230507531L},
      adsnote = {Provided by the SAO/NASA Astrophysics Data System}
}



